% This file was created with Citavi 6.3.0.0

@book{Diefenbach.1961,
 author = {Diefenbach, Werner W.},
 year = {1961},
 title = {Fernseh-Service-Fehlerdiagnose nach Testbildern und Oszillogrammen},
 address = {Stuttgart},
 volume = {3},
 publisher = {{Franck'sche Verlagsbuchhandlung}}
}


@book{Dudenredaktion.2017,
 year = {2017},
 title = {Zitate und Ausspr{\"u}che: Herkunft und aktueller Gebrauch},
 keywords = {Aphorismus;Deutsch;Phraseologie;Zitat},
 address = {Berlin},
 edition = {4. Auflage},
 volume = {12},
 publisher = {{Bibliographisches Institut} and Duden},
 isbn = {3411041242},
 series = {Duden - Deutsche Sprache in 12 B{\"a}nden},
 editor = {Dudenredaktion}
}


